%% This BibTeX bibliography file was created using BibDesk.
%% http://bibdesk.sourceforge.net/
% Encoding: UTF-8


@online{dronearena,
  title={Drone Arena},
  url={https://www.dronearena.info/},
  urldate={2024-03-09}
}

@online{dronearenaChallenge,
  title={Drone Arena},
  url={https://www.dronearena.info/?page_id=25},
  urldate={2024-03-09}
}

@article{tezza2019hdi,
  title={The state-of-the-art of human--drone interaction: A survey},
  author={Tezza, Dante and Andujar, Marvin},
  journal={IEEE Access},
  volume={7},
  pages={167438--167454},
  year={2019},
  publisher={IEEE}
}


@article{nex3Dmapping,
  title={UAV for 3D mapping applications: a review},
  author={Nex, Francesco and Remondino, Fabio},
  journal={Applied geomatics},
  volume={6},
  pages={1--15},
  year={2014},
  publisher={Springer}
}

@inproceedings{sinha2010human,
  title={Human computer interaction},
  author={Sinha, Gaurav and Shahi, Rahul and Shankar, Mani},
  booktitle={2010 3rd International Conference on Emerging Trends in Engineering and Technology},
  pages={1--4},
  year={2010},
  organization={IEEE}
}

@article{card1986model,
  title={The model human processor- An engineering model of human performance},
  author={Card, Stuartk and MORAN, THOMASP and Newell, Allen},
  journal={Handbook of perception and human performance.},
  volume={2},
  number={45--1},
  year={1986}
}

@article{dix2010human,
  title={Human--computer interaction: A stable discipline, a nascent science, and the growth of the long tail},
  author={Dix, Alan},
  journal={Interacting with computers},
  volume={22},
  number={1},
  pages={13--27},
  year={2010},
  publisher={OUP}
}

@inproceedings{giusti2012distributed,
  title={Distributed consensus for interaction between humans and mobile robot swarms},
  author={Giusti, Alessandro and Nagi, Jawad and Gambardella, Luca Maria and Di Caro, Gianni A},
  booktitle={AAMAS},
  pages={1503--1504},
  year={2012}
}

@article{hri2009davidMaya,
  title={Human Robot Interaction.},
  author={Feil-Seifer, David and Mataric, Maja J},
  journal={Encyclopedia of complexity and systems science},
  volume={80},
  pages={4643--4659},
  year={2009}
}
@inproceedings{kolling2012towards,
  title={Towards human control of robot swarms},
  author={Kolling, Andreas and Nunnally, Steven and Lewis, Michael},
  booktitle={Proceedings of the seventh annual ACM/IEEE international conference on human-robot interaction},
  pages={89--96},
  year={2012}
}

@article{shilton2018hciEthics,
  title={Values and ethics in human-computer interaction},
  author={Shilton, Katie and others},
  journal={Foundations and Trends{\textregistered} in Human--Computer Interaction},
  volume={12},
  number={2},
  pages={107--171},
  year={2018},
  publisher={Now Publishers, Inc.}
}

@inproceedings{yanco2004taxonomy,
  title={Classifying human-robot interaction: an updated taxonomy},
  author={Yanco, Holly A and Drury, Jill},
  booktitle={2004 IEEE international conference on systems, man and cybernetics (IEEE Cat. No. 04CH37583)},
  volume={3},
  pages={2841--2846},
  year={2004},
  organization={IEEE}
}

@inproceedings{eriksson2020ethicsInMovement,
  title={Ethics in movement: Shaping and being shaped in human-drone interaction},
  author={Eriksson, Sara and H{\"o}{\"o}k, Kristina and Shusterman, Richard and Svanes, Dag and Unander-Scharin, Carl and Unander-Scharin, {\AA}sa},
  booktitle={Proceedings of the 2020 CHI Conference on Human Factors in Computing Systems},
  pages={1--14},
  year={2020}
}

@inproceedings{khan2019exploratory,
  title={An exploratory study of the use of drones for assisting firefighters during emergency situations},
  author={Khan, Md Nafiz Hasan and Neustaedter, Carman},
  booktitle={Proceedings of the 2019 CHI conference on human factors in computing systems},
  pages={1--14},
  year={2019}
}

@inproceedings{hoppe2019droneOS,
  title={DroneOS: A flexible open-source prototyping framework for interactive drone routines},
  author={Hoppe, Matthias and Burger, Marinus and Schmidt, Albrecht and Kosch, Thomas},
  booktitle={Proceedings of the 18th International Conference on Mobile and Ubiquitous Multimedia},
  pages={1--7},
  year={2019}
}

@article{singireddy2018primeAir,
  title={Technology roadmap: Drone delivery--amazon prime air},
  author={Singireddy, Shiva Ram Reddy and Daim, Tugrul U},
  journal={Infrastructure and Technology Management: Contributions from the Energy, Healthcare and Transportation Sectors},
  pages={387--412},
  year={2018},
  publisher={Springer}
}

@online{wingDrones,
  title={Wing Drones},
  url={https://wing.com/},
  urldate={2024-03-09}
}

@incollection{graether2012joggobot,
  title={Joggobot: a flying robot as jogging companion},
  author={Graether, Eberhard and Mueller, Florian},
  booktitle={CHI'12 Extended Abstracts on Human Factors in Computing Systems},
  pages={1063--1066},
  year={2012}
}

@inproceedings{dantu2011karma,
  title={Programming micro-aerial vehicle swarms with karma},
  author={Dantu, Karthik and Kate, Bryan and Waterman, Jason and Bailis, Peter and Welsh, Matt},
  booktitle={Proceedings of the 9th ACM Conference on Embedded Networked Sensor Systems},
  pages={121--134},
  year={2011}
}

@article{nex2014uav3Dmapping,
  title={UAV for 3D mapping applications: a review},
  author={Nex, Francesco and Remondino, Fabio},
  journal={Applied geomatics},
  volume={6},
  pages={1--15},
  year={2014},
  publisher={Springer}
}

@article{lafleur2013quadcopterBCI,
  title={Quadcopter control in three-dimensional space using a noninvasive motor imagery-based brain--computer interface},
  author={LaFleur, Karl and Cassady, Kaitlin and Doud, Alexander and Shades, Kaleb and Rogin, Eitan and He, Bin},
  journal={Journal of neural engineering},
  volume={10},
  number={4},
  pages={046003},
  year={2013},
  publisher={IOP Publishing}
}

@article{kawala2021summary,
  title={Summary of over fifty years with brain-computer interfacesâ€”a review},
  author={Kawala-Sterniuk, Aleksandra and Browarska, Natalia and Al-Bakri, Amir and Pelc, Mariusz and Zygarlicki, Jaroslaw and Sidikova, Michaela and Martinek, Radek and Gorzelanczyk, Edward Jacek},
  journal={Brain Sciences},
  volume={11},
  number={1},
  pages={43},
  year={2021},
  publisher={MDPI}
}

@inproceedings{cauchard2015droneAndMe,
  title={Drone \& me: an exploration into natural human-drone interaction},
  author={Cauchard, Jessica R and E, Jane L and Zhai, Kevin Y and Landay, James A},
  booktitle={Proceedings of the 2015 ACM international joint conference on pervasive and ubiquitous computing},
  pages={361--365},
  year={2015}
}

@article{anderson2012accidentally,
  title={How I accidentally kickstarted the domestic drone boom},
  author={Anderson, Chris},
  journal={Wired Magazine},
  volume={22},
  pages={2012},
  year={2012}
}

@online{curiosity,
  title={Mars Curiosity Rover},
  url={https://mars.nasa.gov/msl/home/},
  urldate={2024-03-09}
}

@online{parrot,
  title={Parrot},
  url={https://www.parrot.com},
  urldate={2024-03-09}
}

@online{dij,
  title={DIJ},
  url={https://www.dji.com},
  urldate={2024-03-09}
}

@online{3DR,
  title={3DR},
  url={http://3dr.com/},
  urldate={2024-03-09}
}

@online{bitcraze,
  title={Bitcraze},
  url={https://www.bitcraze.io/},
  urldate={2024-03-09}
}

@online{crazyflie,
  title={Crazyflie 2.1},
  url={https://www.bitcraze.io/products/crazyflie-2-1/},
  urldate={2024-03-09}
}

@online{crazyflie-lib-python,
  title={crazyflie-lib-python},
  url={https://github.com/bitcraze/crazyflie-lib-python},
  urldate={2024-03-09}
}

@online{crazyflie-firmware,
  title={crazyflie-firmware},
  url={https://github.com/bitcraze/crazyflie-firmware},
  urldate={2024-03-09}
}

@online{pixhawk, 
  title={Pixhawk},
  url={ https://pixhawk.org/},
  urldate={2024-03-09}
}

@online{px4,
  title={PX4 autopilot},
  url={https://px4.io/},
  urldate={2024-03-09}
}

@online{cube, 
  title={CubePilot},
  url={https://www.cubepilot.com/},
  urldate={2024-03-09}
}

@online{navio2,
  title={Navio2 Emlid},
  url={https://docs.emlid.com/navio2/},
  urldate={2024-03-09}
}

@article{pantelimon2019surveyCommunication,
  title={Survey of multi-agent communication strategies for information exchange and mission control of drone deployments},
  author={Pantelimon, G and Tepe, Kemal and Carriveau, Rupp and Ahmed, Sabbir},
  journal={Journal of Intelligent \& Robotic Systems},
  volume={95},
  pages={779--788},
  year={2019},
  publisher={Springer}
}

@article{sharma2020communication,
  title={Communication and networking technologies for UAVs: A survey},
  author={Sharma, Abhishek and Vanjani, Pankhuri and Paliwal, Nikhil and Basnayaka, Chathuranga M Wijerathna and Jayakody, Dushantha Nalin K and Wang, Hwang-Cheng and Muthuchidambaranathan, P},
  journal={Journal of Network and Computer Applications},
  volume={168},
  pages={102739},
  year={2020},
  publisher={Elsevier}
}

@online{sphinx, 
  title={Sphinx},
  url={https://developer.parrot.com/docs/sphinx/index.html},
  urldate={2024-03-09}
}

@online{DIJFlightSimulator,
  title={DIJ Flight Simulator},
  url={https://www.dji.com/it/simulator},
  urldate={2024-03-09}
}

@book{bonabeau1999swarm,
  title={Swarm intelligence: from natural to artificial systems},
  author={Bonabeau, Eric and Dorigo, Marco and Theraulaz, Guy},
  number={1},
  year={1999},
  publisher={Oxford university press}
}

@article{bachrach2010proto,
  title={Composable continuous-space programs for robotic swarms},
  author={Bachrach, Jonathan and Beal, Jacob and McLurkin, James},
  journal={Neural Computing and Applications},
  volume={19},
  pages={825--847},
  year={2010},
  publisher={Springer}
}

@inproceedings{ashley2007meld,
  title={Meld: A declarative approach to programming ensembles},
  author={Ashley-Rollman, Michael P and Goldstein, Seth Copen and Lee, Peter and Mowry, Todd C and Pillai, Padmanabhan},
  booktitle={2007 IEEE/RSJ International Conference on Intelligent Robots and Systems},
  pages={2794--2800},
  year={2007},
  organization={IEEE}
}

@inproceedings{mottola2014team,
  title={Team-level programming of drone sensor networks},
  author={Mottola, Luca and Moretta, Mattia and Whitehouse, Kamin and Ghezzi, Carlo},
  booktitle={Proceedings of the 12th ACM Conference on Embedded Network Sensor Systems},
  pages={177--190},
  year={2014}
}

@inproceedings{quigley2009ros,
  title={ROS: an open-source Robot Operating System},
  author={Quigley, Morgan and Conley, Ken and Gerkey, Brian and Faust, Josh and Foote, Tully and Leibs, Jeremy and Wheeler, Rob and Ng, Andrew Y and others},
  booktitle={ICRA workshop on open source software},
  volume={3},
  number={3.2},
  pages={5},
  year={2009},
  organization={Kobe, Japan}
}

@online{memoryProfiler,
  title={Memory Profiler},
  url={https://pypi.org/project/memory-profiler/},
  urldate={2024-03-09}
}

@online{radon,
  title={Radon},
  url={https://radon.readthedocs.io/en/latest/index.html},
  urldate={2024-03-09}
}

@article{mccabe1996cyclomatic,
  title={Cyclomatic complexity and the year 2000},
  author={Mccabe, Thomas},
  journal={IEEE Software},
  volume={13},
  number={3},
  pages={115--117},
  year={1996},
  publisher={IEEE}
}

@inproceedings{hariprasad2017software,
  title={Software complexity analysis using halstead metrics},
  author={Hariprasad, T and Vidhyagaran, G and Seenu, K and Thirumalai, Chandrasegar},
  booktitle={2017 international conference on trends in electronics and informatics (ICEI)},
  pages={1109--1113},
  year={2017},
  organization={IEEE}
}